@inproceedings{DBLP:conf/cpp/ForsbergXG20,
  author       = {Fredrik Nordvall Forsberg and
                  Chuangjie Xu and
                  Neil Ghani},
  editor       = {Jasmin Blanchette and
                  Catalin Hritcu},
  title        = {Three equivalent ordinal notation systems in cubical Agda},
  booktitle    = {Proceedings of the 9th {ACM} {SIGPLAN} International Conference on
                  Certified Programs and Proofs, {CPP} 2020, New Orleans, LA, USA, January
                  20-21, 2020},
  pages        = {172--185},
  publisher    = {{ACM}},
  year         = {2020},
  url          = {https://doi.org/10.1145/3372885.3373835},
  doi          = {10.1145/3372885.3373835},
  timestamp    = {Sun, 02 Oct 2022 15:58:04 +0200},
  biburl       = {https://dblp.org/rec/conf/cpp/ForsbergXG20.bib},
  bibsource    = {dblp computer science bibliography, https://dblp.org}
}

@inproceedings{DBLP:conf/lics/Leivant89,
  author       = {Daniel Leivant},
  title        = {Stratified Polymorphism (Extended Summary)},
  booktitle    = {Proceedings of the Fourth Annual Symposium on Logic in Computer Science
                  {(LICS} '89), Pacific Grove, California, USA, June 5-8, 1989},
  pages        = {39--47},
  publisher    = {{IEEE} Computer Society},
  year         = {1989},
  url          = {https://doi.org/10.1109/LICS.1989.39157},
  doi          = {10.1109/LICS.1989.39157},
  timestamp    = {Fri, 24 Mar 2023 00:01:49 +0100},
  biburl       = {https://dblp.org/rec/conf/lics/Leivant89.bib},
  bibsource    = {dblp computer science bibliography, https://dblp.org}
}

@article{DBLP:journals/iandc/Leivant91,
  author       = {Daniel Leivant},
  title        = {Finitely Stratified Polymorphism},
  journal      = {Inf. Comput.},
  volume       = {93},
  number       = {1},
  pages        = {93--113},
  year         = {1991},
  url          = {https://doi.org/10.1016/0890-5401(91)90053-5},
  doi          = {10.1016/0890-5401(91)90053-5},
  timestamp    = {Fri, 12 Feb 2021 22:16:46 +0100},
  biburl       = {https://dblp.org/rec/journals/iandc/Leivant91.bib},
  bibsource    = {dblp computer science bibliography, https://dblp.org}
}

@inproceedings{DBLP:conf/csl/Kovacs22,
  author       = {Andr{\'{a}}s Kov{\'{a}}cs},
  editor       = {Florin Manea and
                  Alex Simpson},
  title        = {Generalized Universe Hierarchies and First-Class Universe Levels},
  booktitle    = {30th {EACSL} Annual Conference on Computer Science Logic, {CSL} 2022,
                  February 14-19, 2022, G{\"{o}}ttingen, Germany (Virtual Conference)},
  series       = {LIPIcs},
  volume       = {216},
  pages        = {28:1--28:17},
  publisher    = {Schloss Dagstuhl - Leibniz-Zentrum f{\"{u}}r Informatik},
  year         = {2022},
  url          = {https://doi.org/10.4230/LIPIcs.CSL.2022.28},
  doi          = {10.4230/LIPICS.CSL.2022.28},
  timestamp    = {Wed, 21 Aug 2024 22:46:00 +0200},
  biburl       = {https://dblp.org/rec/conf/csl/Kovacs22.bib},
  bibsource    = {dblp computer science bibliography, https://dblp.org}
}
